<?xml version="1.0" encoding="UTF-8"?><collection xmlns="http://www.loc.gov/MARC21/slim"><record><leader>00444nam--2200145-i-4500</leader><controlfield tag="001">000009490</controlfield><controlfield tag="002">20161230</controlfield><controlfield tag="005">20161230201028</controlfield><controlfield tag="008">060222s1000------------r-----000-0-eng-d</controlfield><datafield ind1=" " ind2=" " tag="080"><subfield code="a">539.2:548</subfield></datafield><datafield ind1=" " ind2=" " tag="100"><subfield code="a">Bollmann, W</subfield></datafield><datafield ind1=" " ind2=" " tag="245"><subfield code="a">Crystal defects and crystalline interfaces. with 158 figures and a set of moire-models</subfield></datafield><datafield ind1=" " ind2=" " tag="260"><subfield code="a">Berlin, Springer-verlag, 1970. Xi +253 P</subfield></datafield><datafield ind1=" " ind2=" " tag="490"><subfield code="a">Crystal Defects And Crystalline Interfaces</subfield></datafield><datafield ind1=" " ind2=" " tag="852"><subfield code="a">34064</subfield></datafield></record></collection>